<record><leader>00000cas a2200000 a 4500</leader><controlfield tag="001">13188632</controlfield><controlfield tag="008">860224d19711996ncuwr ne      0   a0eng d</controlfield><datafield ind1=" " ind2=" " tag="010"><subfield code="a">sn 94058260 </subfield></datafield><datafield ind1=" " ind2=" " tag="040"><subfield code="a">NCS</subfield><subfield code="b">eng</subfield><subfield code="c">NCS</subfield><subfield code="d">NVJ</subfield><subfield code="d">OCL</subfield><subfield code="d">OCLCQ</subfield></datafield><datafield ind1=" " ind2=" " tag="032"><subfield code="a">088700</subfield><subfield code="b">USPS</subfield></datafield><datafield ind1=" " ind2=" " tag="042"><subfield code="a">msc</subfield></datafield><datafield ind1="0" ind2=" " tag="130"><subfield code="a">Enterprise (Canton, N.C.)</subfield></datafield><datafield ind1="1" ind2="4" tag="245"><subfield code="a">The enterprise.</subfield></datafield><datafield ind1="3" ind2="0" tag="246"><subfield code="a">Haywood enterprise</subfield></datafield><datafield ind1=" " ind2=" " tag="260"><subfield code="a">Canton, N.C. :</subfield><subfield code="b">Canton Enterprise, Inc.</subfield></datafield><datafield ind1=" " ind2=" " tag="300"><subfield code="a">v. :</subfield><subfield code="b">ill. ;</subfield><subfield code="c">58 cm.</subfield></datafield><datafield ind1=" " ind2=" " tag="310"><subfield code="a">Weekly</subfield></datafield><datafield ind1="0" ind2=" " tag="362"><subfield code="a">Vol. 68, no. 33 (Aug. 26, 1971)-v. 95, no. 4 (Jan. 24, 1996).</subfield></datafield><datafield ind1=" " ind2=" " tag="500"><subfield code="a">Published as: Haywood enterprise, June 29, 1972-Feb. 15, 1973.</subfield></datafield><datafield ind1=" " ind2=" " tag="752"><subfield code="a">United States</subfield><subfield code="b">North Carolina</subfield><subfield code="c">Haywood</subfield><subfield code="d">Canton.</subfield></datafield><datafield ind1="0" ind2="0" tag="780"><subfield code="t">Canton enterprise</subfield><subfield code="w">(DLC)sn 94058259</subfield></datafield><datafield ind1="0" ind2="7" tag="785"><subfield code="t">Mountaineer (Waynesville, N.C.)</subfield><subfield code="w">(DLC)sn 94058267</subfield></datafield><datafield ind1="0" ind2="7" tag="785"><subfield code="t">Enterprise mountaineer</subfield><subfield code="w">(DLC)sn 96086002</subfield></datafield><datafield ind1=" " ind2=" " tag="936"><subfield code="a">Nov. 6, 1985</subfield></datafield><datafield ind1="1" ind2=" " tag="029"><subfield code="a">AU@</subfield><subfield code="b">000011308399</subfield></datafield></record>